@book{evans,
  title={Partial differential equations. Graduate studies in 
         mathematics},
  author={Evans, Lawrence C},
  publisher={American mathematical society},
  year={1998}
}
@book{fj,
  title={Partial differential equations},
  author={John, Fritz},
  publisher={Springer},
  year={2017}
}
@book{ta,
  title={An Elementary Course in Partial Differential Equations},
  author={Amarnath, T.},
  publisher={Narosa},
  year={2006}
}
@book{pprr,
  title={Partial differential equations},
  author={Prasad, Phoolan and Ravindran, Renuka},
  publisher={New Age International Publishers},
  year={2005}
}
