@book{halmos2017finite,
  title={Finite-dimensional vector spaces},
  author={Halmos, Paul R},
  year={2011},
  publisher={Springer}
}
