@book{de1731annuities,
  title={Annuities Upon Lives, Or, The Valuation of Annuities Upon Any Number of Lives, as Also, of Reversions: To which is Added, an Appendix Concerning the Expectations of Life, and Probabilities of Survivorship},
  author={de Moivre, Abraham},
  year={1731},
  publisher={London printed, and Dublin re-printed, by and for S. Fuller}
}
@book{jordan1967society,
  title={Society of Actuaries' Textbook on Life Contingencies},
  author={Jordan, Chester Wallace},
  year={1967},
  publisher={Society of actuaries}
}
@article{gompertz1825xxiv,
  title={On the Nature of the Function Expressive of the Law of Human Mortality, and on a New Mode of Determining the Value of Life Contingencies.},
  author={Gompertz, Benjamin},
  journal={Philosophical transactions of the Royal Society of London},
  number={115},
  pages={513--583},
  year={1825},
  publisher={The Royal Society London}
}
@article{makeham1867law,
  title={On the Law of Mortality},
  author={Makeham, William Matthew},
  journal={Journal of the Institute of Actuaries (1866-1867)},
  volume={13},
  number={6},
  pages={325--358},
  year={1867},
  publisher={JSTOR}
}
@article{makeham1890further,
  title={On the Further Development of Gompertz's Law},
  author={Makeham, William Matthew},
  journal={Journal of the Institute of Actuaries},
  volume={28},
  number={4},
  pages={316--332},
  year={1890},
  publisher={Cambridge University Press}
}
@book{lazarus1867ueber,
  title={Ueber Mortalit{\"a}tsverh{\"a}ltnisse und ihre Ursachen},
  author={Lazarus, Wilhelm},
  year={1867}
}
@article{thiele1871mathematical,
  title={On a mathematical formula to express the rate of mortality throughout the whole of life, tested by a series of observations made use of by the Danish Life Insurance Company of 1871},
  author={Thiele, Thorvald Nicolai and Sprague, TB},
  journal={Journal of the Institute of Actuaries and Assurance Magazine},
  volume={16},
  number={5},
  pages={313--329},
  year={1871},
  publisher={JSTOR}
}
@techreport{pitacco2016high,
  title={High age mortality and frailty. Some remarks and hints for actuarial modeling},
  author={Pitacco, Ermanno},
  year={2016},
  institution={CEPAR Working Paper 2016/19. Available at: http://www. cepar. edu. au~â€¦}
}
@article{lambert1776dottrina,
  title={Dottrina degli azzardi},
  author={Lambert, JH},
  journal={Gaeta and Fontana, Milan},
  year={1776}
}
@article{babbage1823tables,
  title={On the tables of single and annual assurance premiums},
  author={Babbage, C},
  journal={Journal of the Institute of Actuaries},
  volume={6},
  pages={185},
  year={1823}
}
@article{adler1866memoir,
  title={Memoir of the late Benjamin Gompertz, FRS, FRAS, \&c},
  author={Adler, Marcus N},
  journal={Journal of the Institute of Actuaries},
  volume={13},
  number={1},
  pages={1--20},
  year={1866},
  publisher={Cambridge University Press}
}
@book{von1832lebensversicherungen,
  title={{\"u}ber Lebensversicherungen und andere Versorgungsanstalten},
  author={von LITTROW, Johann Joseph},
  year={1832},
  publisher={in der F. Beck'schen Universit{\"a}ts-Buchhandlung}
}
@book{moser1839gesetze,
  title={Die Gesetze der Lebensdauer: Nebst Untersuchungen {\"u}ber Dauer, Fruchtbarkeit der Ehen, {\"u}ber T{\"o}dtlichkeit der Krankheiten, verh{\"a}ltniss der Geschlechter bei der Geburt, {\"u}ber Einfluss der Witterung usw und einem-Anhang enthaltend die Berechnung der Leibrenten, lebensversicherungen, Wittwenpensionen und Tontinen},
  author={Moser, Ludwig},
  year={1839},
  publisher={Walter de Gruyter}
}
@article{heligman1980age,
  title={The age pattern of mortality},
  author={Heligman, Larry and Pollard, John H},
  journal={Journal of the Institute of Actuaries},
  volume={107},
  number={1},
  pages={49--80},
  year={1980},
  publisher={Cambridge University Press}
}
@article{lee1992modeling,
  title={Modeling and forecasting US mortality},
  author={Lee, Ronald D and Carter, Lawrence R},
  journal={Journal of the American statistical association},
  volume={87},
  number={419},
  pages={659--671},
  year={1992},
  publisher={Taylor \& Francis}
}
@article{willekens1991age,
  title={Age-period-cohort (APC) analysis of mortality with applications to Soviet data},
  author={Willekens, Frans and Scherbov, Sergei},
  year={1991},
  publisher={WP-91-042}
}
@article{van1990determinants,
  title={Determinants and consequences of mortality in the Netherlands: Some suggestions for research},
  author={Van Poppel, FWA},
  journal={Emerging Issues in Demographic Research. Elsevier Science Publishers, Amsterdam},
  pages={233--275},
  year={1990}
}
@article{derrick1927observations,
  title={Observations on (1) errors of age in the population statistics of England and Wales, and (2) the changes in mortality indicated by the national records},
  author={Derrick, VPA},
  journal={Journal of the Institute of Actuaries (1886-1994)},
  volume={58},
  number={2},
  pages={117--159},
  year={1927},
  publisher={JSTOR}
}
@article{kermack1934death,
  title={Death-Rates in Great Britain and Sweden. Some General Regularities and their Significance.},
  author={Kermack, William O and McKendrick, Anderson G and McKinlay, Peter L and others},
  journal={Lancet},
  pages={698--703},
  year={1934}
}
@article{preston1978urban,
  title={Urban French mortality in the nineteenth century},
  author={Preston, Samuel H and Van de Walle, Etienne},
  journal={Population studies},
  volume={32},
  number={2},
  pages={275--297},
  year={1978},
  publisher={Taylor \& Francis}
}
@article{caselli1989age,
  title={Age, period, cohort and early mortality: an analysis of adult mortality in Italy},
  author={Caselli, Graziella and Capocaccia, Riccardo},
  journal={Population Studies},
  volume={43},
  number={1},
  pages={133--153},
  year={1989},
  publisher={Taylor \& Francis}
}
@article{manton1981methods,
  title={Methods for comparing the mortality experience of heterogeneous populations},
  author={Manton, Kenneth G and Stallard, Eric and Vaupel, James W},
  journal={Demography},
  volume={18},
  number={3},
  pages={389--410},
  year={1981},
  publisher={Springer}
}
@article{horiuchi1983long,
  title={The long-term impact of war on mortality: old-age mortality of the First World War survivors in the Federal Republic of Germany.},
  author={Horiuchi, Shiro},
  journal={Population bulletin of the United Nations},
  number={15},
  pages={80},
  year={1983}
}
@article{cairns2006two,
  title={A two-factor model for stochastic mortality with parameter uncertainty: theory and calibration},
  author={Cairns, Andrew JG and Blake, David and Dowd, Kevin},
  journal={Journal of Risk and Insurance},
  volume={73},
  number={4},
  pages={687--718},
  year={2006},
  publisher={Wiley Online Library}
}
@article{renshaw2006cohort,
  title={A cohort-based extension to the Lee--Carter model for mortality reduction factors},
  author={Renshaw, Arthur E and Haberman, Steven},
  journal={Insurance: Mathematics and economics},
  volume={38},
  number={3},
  pages={556--570},
  year={2006},
  publisher={Elsevier}
}
@article{cairns2008modelling,
  title={Modelling and management of mortality risk: a review},
  author={Cairns, Andrew JG and Blake, David and Dowd, Kevin},
  journal={Scandinavian Actuarial Journal},
  volume={2008},
  number={2-3},
  pages={79--113},
  year={2008},
  publisher={Taylor \& Francis}
}
@article{plat2009stochastic,
  title={On stochastic mortality modeling},
  author={Plat, Richard},
  journal={Insurance: Mathematics and Economics},
  volume={45},
  number={3},
  pages={393--404},
  year={2009},
  publisher={Elsevier}
}
