@article{klein1929reflexion,
  title={Die Reflexion von Elektronen an einem Potentialsprung nach der relativistischen Dynamik von Dirac},
  author={Klein, Oskar},
  journal={Zeitschrift f{\"u}r Physik},
  volume={53},
  number={3-4},
  pages={157--165},
  year={1929},
  publisher={Springer}
}
@article{chadwick1932existence,
  title={The existence of a neutron},
  author={Chadwick, James},
  journal={Proceedings of the Royal Society of London. Series A, Containing Papers of a Mathematical and Physical Character},
  volume={136},
  number={830},
  pages={692--708},
  year={1932},
  publisher={The Royal Society London}
}
@article{taylor2007nist,
  title={The NIST Reference on constants, units, and uncertainty},
  author={Taylor, Barry N and Mohr, Peter J and Douma, M},
  journal={available online from:. physics. nist. gov/cuu/index},
  year={2007}
}
@misc{bogdan2015particles,
  title={Particles and nuclei: an introduction to the physical concepts},
  author={Bogdan, Povh and Klaus, Rith and Christoph, Scholz and Frank, Zetsche and Werner, Rodejohann},
  year={2015},
  publisher={Spinger}
}
@book{basdevant2005fundamentals,
  title={Fundamentals in nuclear physics: From nuclear structure to cosmology},
  author={Basdevant, Jean-Louis and Rich, James},
  year={2005},
  publisher={Springer Science \& Business Media}
}
@article{Nakamura_2010,
	doi = {10.1088/0954-3899/37/7a/075021},
	url = {https://doi.org/10.1088%2F0954-3899%2F37%2F7a%2F075021},
	year = 2010,
	month = {jul},
	publisher = {{IOP} Publishing},
	volume = {37},
	number = {7A},
	pages = {075021},
	author = {K Nakamura and},
	title = {Review of Particle Physics},
	journal = {Journal of Physics G: Nuclear and Particle Physics}
}
@book{heyde2004basic,
  title={Basic ideas and concepts in nuclear physics: an introductory approach},
  author={Heyde, Kris},
  year={2004},
  publisher={CRC Press}
}
@book{turner2008atoms,
  title={Atoms, radiation, and radiation protection},
  author={Turner, James E},
  year={2008},
  publisher={John Wiley \& Sons}
}
@misc{chadwick1934nuclear,
  title={A nuclear photo-effect: disintegration of the diplon by $gamma$ Rays},
  author={Chadwick, James and Goldhaber, Maurice},
  year={1934},
  publisher={Nature Publishing Group}
}
@article{crane1991neutron,
  title={Neutron detectors},
  author={Crane, TW and Baker, MP},
  journal={Passive Nondestructive Assay of Nuclear Materials},
  number={13},
  pages={1--28},
  year={1991},
  publisher={no. NUREG/CR-5550 in United States Nuclear Regulatory Commission}
}
@book{anderson2008neutron,
  title={Neutron scattering applications and techniques},
  author={Anderson, Ian S and Hurd, Alan J and McGreevy, Robert L},
  year={2008},
  publisher={Springer}
}
@article{jannson1986liouville,
  title={Liouvilleâ€™s theorem and concentrator optics},
  author={Jannson, T and Winston, R},
  journal={JOSA A},
  volume={3},
  number={1},
  pages={7--8},
  year={1986},
  publisher={Optical Society of America}
}
@article{markvart2007thermodynamics,
  title={The thermodynamics of optical {\'e}tendue},
  author={Markvart, Tom},
  journal={Journal of Optics A: pure and applied optics},
  volume={10},
  number={1},
  pages={015008},
  year={2007},
  publisher={IOP Publishing}
}
@article{warner1985neutron,
  title={Neutron refractive index: A Fermi-Huygens theory},
  author={Warner, M and Gubernatis, JE},
  journal={Physical Review B},
  volume={32},
  number={10},
  pages={6347},
  year={1985},
  publisher={APS}
}
@book{williams1988polarized,
  title={Polarized neutrons},
  author={Williams, W Gavin},
  year={1988},
  publisher={Clarendon Press Oxford}
}
@article{gonzales1992digital,
  title={Digital image processing Addison-Wesley},
  author={Gonzales, RC and Woods, RE},
  journal={Pearson India Education Services Private Limited},
  year={2019}
}
@article{bracewell1956strip,
  title={Strip integration in radio astronomy},
  author={Bracewell, Ronald N},
  journal={Australian Journal of Physics},
  volume={9},
  number={2},
  pages={198--217},
  year={1956},
  publisher={CSIRO}
}
@article{richards2004neutron,
  title={Neutron tomography developments and applications},
  author={Richards, Wade J and Gibbons, MR and Shields, KC},
  journal={Applied Radiation and Isotopes},
  volume={61},
  number={4},
  pages={551--559},
  year={2004},
  publisher={Elsevier}
}
@book{heald2012classical,
  title={Classical electromagnetic radiation},
  author={Heald, Mark A and Marion, Jerry B},
  year={2012},
  publisher={Courier Corporation}
}
@article{zawisky2004neutron,
  title={Neutron phase contrast tomography on isotope mixtures},
  author={Zawisky, Michael and Bonse, Ulrich and Dubus, Francois and Hradil, Z and Rehacek, J},
  journal={EPL (Europhysics Letters)},
  volume={68},
  number={3},
  pages={337},
  year={2004},
  publisher={IOP Publishing}
}
@article{kardjilov2011neutron,
  title={Neutron imaging in materials science},
  author={Kardjilov, Nikolay and Manke, Ingo and Hilger, Andr{\'e} and Strobl, Markus and Banhart, John},
  journal={Materials Today},
  volume={14},
  number={6},
  pages={248--256},
  year={2011},
  publisher={Elsevier}
}
@article{kardjilov2008three,
  title={Three-dimensional imaging of magnetic fields with polarized neutrons},
  author={Kardjilov, Nikolay and Manke, Ingo and Strobl, Markus and Hilger, Andr{\'e} and Treimer, Wolfgang and Meissner, Michael and Krist, Thomas and Banhart, John},
  journal={Nature Physics},
  volume={4},
  number={5},
  pages={399--403},
  year={2008},
  publisher={Nature Publishing Group}
}

