@book{jenkins1937fundamentals,
  title={Fundamentals of optics},
  author={Jenkins, Francis A and White, Harvey E},
  year={1937},
  publisher={Tata McGraw-Hill Education}
}
@misc{ wiki1,
   author = "{Wikipedia contributors}",
   title = "Young's interference experiment",
   year = "2004",
   url = "https://en.wikipedia.org/wiki/Young%27s_interference_experiment"
 }
@book{griffiths2005introduction,
  title={Introduction to electrodynamics},
  author={Griffiths, David J},
  year={2005},
  publisher={American Association of Physics Teachers}
}
