@article{robbinsevaluating,
  title={Evaluating the Erlang C and Erlang A Models for Call Center Modeling},
  author={Robbins, Thomas R and Medeiros, DJ and Harrison, Terry P}
  url=http://myweb.ecu.edu/ROBBINST/PDFs/Erlang%20Compare%20Working%20paper.pdf
}
@inproceedings{robbins2010does,
  title={Does the Erlang C model fit in real call centers?},
  author={Robbins, Thomas R and Medeiros, Deborah J and Harrison, Terry P},
  booktitle={Proceedings of the 2010 Winter Simulation Conference},
  pages={2853--2864},
  year={2010},
  organization={IEEE}
  url=https://www.informs-sim.org/wsc10papers/264.pdf
}
