@article{niu2019recurrent,
  title={Recurrent neural networks in the eye of differential equations},
  author={Niu, Murphy Yuezhen and Horesh, Lior and Chuang, Isaac},
  journal={arXiv preprint arXiv:1904.12933},
  year={2019}
}
@book{lambert1991numerical,
  title={Numerical methods for ordinary differential systems: the initial 
      value problem},
  author={Lambert, John Denholm},
  year={1991},
  publisher={John Wiley \& Sons, Inc.}
}
@book{gereon2018hands,
  title={Hands-on Machine Learning with Scikit-Learn and Tensor Flow},
  author={Gereon, A},
  year={2018},
  publisher={Oâ€™Reily Media Inc., USA}
}
@article{dahlquist1963special,
  title={A special stability problem for linear multistep methods},
  author={Dahlquist, Germund G},
  journal={BIT Numerical Mathematics},
  volume={3},
  number={1},
  pages={27--43},
  year={1963},
  publisher={Springer}
}
@inproceedings{kanai2017preventing,
  title={Preventing gradient explosions in gated recurrent units},
  author={Kanai, Sekitoshi and Fujiwara, Yasuhiro and Iwamura, Sotetsu},
  booktitle={Advances in neural information processing systems},
  pages={435--444},
  year={2017}
}
@article{ran2019lstm,
  title={An LSTM-based method with attention mechanism for travel time 
      prediction},
  author={Ran, Xiangdong and Shan, Zhiguang and Fang, Yufei and Lin, Chuang},
  journal={Sensors},
  volume={19},
  number={4},
  pages={861},
  year={2019},
  publisher={Multidisciplinary Digital Publishing Institute}
}
